@misc{ Leibig13,
       author = "Brian Andrew Leibig",
       title = "An LLVM Back-end for MLton",
       year = "2013",
       howpublished = "\url{http://www.cs.rit.edu/~mtf/student-resources/20124_leibig_msproject.pdf}"
       }